<record><leader>00000cas a2200000 a 4500</leader><controlfield tag="001">1769913</controlfield><controlfield tag="008">751101d18991986nduwr ne      0   a0eng d</controlfield><datafield ind1=" " ind2=" " tag="010"><subfield code="a">sn 81000403 </subfield></datafield><datafield ind1=" " ind2=" " tag="040"><subfield code="a">MUL</subfield><subfield code="b">eng</subfield><subfield code="c">MUL</subfield><subfield code="d">NSD</subfield><subfield code="d">NOP</subfield><subfield code="d">OCLCQ</subfield></datafield><datafield ind1=" " ind2=" " tag="012"><subfield code="j">0</subfield><subfield code="k">1</subfield><subfield code="m">d</subfield></datafield><datafield ind1="1" ind2=" " tag="022"><subfield code="a">0279-6538</subfield><subfield code="l">0279-6538</subfield><subfield code="2">1</subfield></datafield><datafield ind1=" " ind2=" " tag="042"><subfield code="a">nsdp</subfield></datafield><datafield ind1=" " ind2="4" tag="222"><subfield code="a">The Wilton news</subfield><subfield code="b">(Wilton, N.D.)</subfield></datafield><datafield ind1="0" ind2="4" tag="245"><subfield code="a">The Wilton news.</subfield></datafield><datafield ind1=" " ind2=" " tag="260"><subfield code="a">Wilton, N.D. :</subfield><subfield code="b">News Pub. Co.</subfield></datafield><datafield ind1=" " ind2=" " tag="300"><subfield code="a">v. :</subfield><subfield code="b">ill. ;</subfield><subfield code="c">57-62 cm.</subfield></datafield><datafield ind1=" " ind2=" " tag="310"><subfield code="a">Weekly</subfield></datafield><datafield ind1="1" ind2=" " tag="362"><subfield code="a">Began in Dec. 1899?</subfield></datafield><datafield ind1="0" ind2=" " tag="362"><subfield code="a">-v. 86, no. 32 (Jan. 29, 1986).</subfield></datafield><datafield ind1=" " ind2=" " tag="500"><subfield code="a">Special "Golden Jubilee" edition published July 19, 1949 (on gold newsprint).</subfield></datafield><datafield ind1=" " ind2=" " tag="500"><subfield code="a">"Official paper, city and county," 1903.</subfield></datafield><datafield ind1=" " ind2=" " tag="515"><subfield code="a">Suspended Sept. 25, 1947-Dec. 3, 1948; Aug. 3, 1951-Nov. 21, 1952.</subfield></datafield><datafield ind1=" " ind2=" " tag="530"><subfield code="a">Available on microfilm from the State Historical Society of North Dakota.</subfield></datafield><datafield ind1=" " ind2=" " tag="588"><subfield code="a">Description based on: Vol. 1, no. 4 (Dec. 22, 1899).</subfield></datafield><datafield ind1=" " ind2=" " tag="752"><subfield code="a">United States</subfield><subfield code="b">North Dakota</subfield><subfield code="c">McLean</subfield><subfield code="d">Wilton.</subfield></datafield><datafield ind1="0" ind2="5" tag="780"><subfield code="t">Wing press</subfield><subfield code="w">(DLC)sn 88076116</subfield></datafield><datafield ind1="0" ind2="7" tag="785"><subfield code="t">Washburn leader</subfield><subfield code="x">8750-7250</subfield><subfield code="w">(DLC)sn 83000631</subfield><subfield code="w">(OCoLC)1641877</subfield></datafield><datafield ind1="0" ind2="7" tag="785"><subfield code="t">Leader-news (Washburn, N.D.)</subfield><subfield code="x">0888-0220</subfield><subfield code="w">(DLC)sn 86013885</subfield><subfield code="w">(OCoLC)13451536</subfield></datafield><datafield ind1=" " ind2=" " tag="936"><subfield code="a">Unknown</subfield><subfield code="a">Jan. 28, 1981</subfield></datafield><datafield ind1="1" ind2=" " tag="029"><subfield code="a">AU@</subfield><subfield code="b">000025816173</subfield></datafield></record>